../paper-exag/06-References.bib